<collection xmlns="http://www.loc.gov/MARC21/slim">
<record>
  <leader>00868nam0a22002171i 450 </leader>
  <controlfield tag="001">IT\ICCU\CNCE\068703</controlfield>
  <controlfield tag="005">20170118000000.0</controlfield>
  <datafield tag="012" ind1=" " ind2=" ">
    <subfield code="a">dicu S.e. caal biyp (C) 1509 (Q)</subfield>
    <subfield code="2">fei</subfield>
  </datafield>
  <datafield tag="100" ind1=" " ind2=" ">
    <subfield code="a">20061027f1509        0itac0103    ba</subfield>
  </datafield>
  <datafield tag="101" ind1=" " ind2=" ">
    <subfield code="a">ITA</subfield>
  </datafield>
  <datafield tag="102" ind1=" " ind2=" ">
    <subfield code="a">IT</subfield>
  </datafield>
  <datafield tag="200" ind1="1" ind2=" ">
    <subfield code="a">De le sacre stigmate de sancto Francesco &amp; como femina non puo hauere stigmati &amp; de la indulgentia di Assisio</subfield>
  </datafield>
  <datafield tag="210" ind1=" " ind2=" ">
    <subfield code="d">\non prima del 1509!</subfield>
  </datafield>
  <datafield tag="215" ind1=" " ind2=" ">
    <subfield code="a">\26! c.</subfield>
    <subfield code="d">4ʻ</subfield>
  </datafield>
  <datafield tag="300" ind1=" " ind2=" ">
    <subfield code="a">Nome dell&apos;autore da c. a6r. - La data si ricava da c. d4r</subfield>
  </datafield>
  <datafield tag="700" ind1=" " ind2="0">
    <subfield code="a">Samuele</subfield>
    <subfield code="c"> : da#Cassine</subfield>
    <subfield code="3">IT\ICCU\CNCA\004484</subfield>
  </datafield>
  <datafield tag="712" ind1="0" ind2="2">
    <subfield code="a">s.n.</subfield>
    <subfield code="3">IT\ICCU\CNCT\000002</subfield>
    <subfield code="4">650</subfield>
  </datafield>
  <datafield tag="790" ind1=" " ind2="1">
    <subfield code="a">Cassini,</subfield>
    <subfield code="b">Samuele</subfield>
    <subfield code="3">IT\ICCU\CNCA\004871</subfield>
    <subfield code="z">Samuele : da#Cassine</subfield>
  </datafield>
  <datafield tag="790" ind1=" " ind2="1">
    <subfield code="a">Cassinis,</subfield>
    <subfield code="b">Samuel : de</subfield>
    <subfield code="3">IT\ICCU\CNCA\013217</subfield>
    <subfield code="z">Samuele : da#Cassine</subfield>
  </datafield>
  <datafield tag="801" ind1=" " ind2="3">
    <subfield code="a">IT</subfield>
    <subfield code="b">ICCU</subfield>
    <subfield code="c">20201115</subfield>
  </datafield>
  <datafield tag="899" ind1=" " ind2=" ">
    <subfield code="a">Biblioteca comunale Augusta. Perugia</subfield>
    <subfield code="1">PG0109</subfield>
    <subfield code="2">UM1 01</subfield>
  </datafield>
</record>
</collection>
